{1:F01COLPCOBBXXXX.SS..SEQ..}{2:I940XXXXXXXXXXXXN}{3:{108:N.9000001637}}{4:
:20:ST20130315
:25:02016100089
:28C:2036/00001
:60F:D130315COP1202340907,00
:61:1303150315DX327998,00FCOL//C023
RECAUDO EMPRESARIAL
:86:C023/RECAUDO EMPRESARIAL//RECAUDO EMPRESARIAL
:61:1303150315CX225598,09FCOL0000000000000000//C023
RECAUDO EMPRESARIAL
:86:C023/RECAUDO EMPRESARIAL//RECAUDO EMPRESARIAL
:61:1303150315CX327998,08FCOL0000000000000000//C023
RECAUDO EMPRESARIAL
:86:C023/RECAUDO EMPRESARIAL//RECAUDO EMPRESARIAL
:61:1303150315CX262112,06FCOL0000000000000000//C023
RECAUDO EMPRESARIAL
:86:C023/RECAUDO EMPRESARIAL//RECAUDO EMPRESARIAL
:61:1303150315CX366157,10FCOL0000000000000000//C023
RECAUDO EMPRESARIAL
:86:C023/RECAUDO EMPRESARIAL//RECAUDO EMPRESARIAL
:61:1303150315CX225598,20FCOL0000000000000000//C023
RECAUDO EMPRESARIAL
:86:C023/RECAUDO EMPRESARIAL//RECAUDO EMPRESARIAL
:61:1303150315CX327998,99FCOL0000000000000000//C023
RECAUDO EMPRESARIAL
:86:C023/RECAUDO EMPRESARIAL//RECAUDO EMPRESARIAL
:61:1303150315CX262112,66FCOL0000000000000000//C023
RECAUDO EMPRESARIAL
:86:C023/RECAUDO EMPRESARIAL//RECAUDO EMPRESARIAL
:61:1303150315CX385632,22FCOL0000000000000000//C023
RECAUDO EMPRESARIAL
:86:C023/RECAUDO EMPRESARIAL//RECAUDO EMPRESARIAL
:61:1303150315CX225598,21FCOL0000000000000000//C023
RECAUDO EMPRESARIAL
:86:C023/RECAUDO EMPRESARIAL//RECAUDO EMPRESARIAL
:61:1303150315DX8906,23FTAX0000000000000000//C023
IMPUESTO TRANSACC. FINANCIERAS
:86:D056/IMPUESTO TRANSACC. FINANCIERAS//Imp/Transacciones
financieras
:62F:C130315COP1205268802,28
-}