{1:F01BPOPCOBBAXXX0000000000}{2:I940ECOPCOBBXXXXN}{3:{108:8999990681}}{4:
:20:20210922182759
:25:220009141466
:28C:6/1
:60F:C210127COP1804602729,98
:61:210127CP26200,00NCOL3124835460//190
AH201000 RECAUDO NACIONAL
:86:/IDCODE/527328512345/COLLEC/01/INFO/0000000190
:61:210127DP2280,00NTAX3124835460//190
AH402222 IVA SOBRE COMISION SERVIC
:86:/IDCODE/5273285/COLLEC/01/INFO/0000000190
:61:210127DP12000,00NCOM3124835460//190
AH402226 N.D. COMISION RECAUDO NAL
:86:/IDCODE/5273285/COLLEC/21/INFO/0000000190
:61:210127DP57,12NGMF3124835460//190
AH402300 N.D. GMF AUTOMATICO
:86:/IDCODE/5273285/COLLEC/20/INFO/0000000190
:61:210127CP32500,01NTRFACTIVOS//193
AC402700 CARGOS POR A.C.H.
:86:/IDCODE/80113970/REJECT/R17/INFO/0000000193
:61:210127DP2280,00NTAX3134039503//193
AH402222 IVA SOBRE COMISION SERVIC
:86:/IDCODE/80113970/COLLEC/23/INFO/0000000193
:61:210127DP12000,00NCOM3134039503//193
AH402226 N.D. COMISION RECAUDO NAL
:86:/IDCODE/80113970/COLLEC/24/INFO/0000000193
:61:210127DP57,12NGMF3134039503//193
AH402300 N.D. GMF AUTOMATICO
:86:/IDCODE/80113970/COLLEC/02/INFO/0000000193
:61:210127CP450000,00NCOL3132056585//196
AH201000 RECAUDO NACIONAL
:86:/IDCODE/7985642/COLLEC/03/INFO/0000000196
:61:210127DP2280,00NTAX3132056585//196
AH402222 IVA SOBRE COMISION SERVIC
:86:/IDCODE/7985642/COLLEC/03/INFO/0000000196
:61:210127DP12000,00NCOM3132056585//196
AH402226 N.D. COMISION RECAUDO NAL
:86:/IDCODE/7985642/COLLEC/03/INFO/0000000196
:61:210127DP57,12NGMF3132056585//196
AH402300 N.D. GMF AUTOMATICO
:86:/IDCODE/7985642/COLLEC/03/INFO/0000000196
:62M:C210127COP1805068418,63
-}
{1:F01BPOPCOBBAXXX0000000000}{2:I940ECOPCOBBXXXXN}{3:{108:8999990681}}{4:
:20:20210922182759
:25:220009141466
:28C:6/2
:60M:C210127COP1805068418,63
:61:210127CP325000,00NCOL3205068974//199
AH201000 RECAUDO NACIONAL
:86:/IDCODE/3254256/COLLEC/04/INFO/0000000199
:61:210127DP2280,00NTAX3205068974//199
AH402222 IVA SOBRE COMISION SERVIC
:86:/IDCODE/3254256/COLLEC/04/INFO/0000000199
:61:210127DP12000,00NCOM3205068974//199
AH402226 N.D. COMISION RECAUDO NAL
:86:/IDCODE/3254256/COLLEC/04/INFO/0000000199
:61:210127DP57,12NGMF3205068974//199
AH402300 N.D. GMF AUTOMATICO
:86:/IDCODE/3254256/COLLEC/04/INFO/0000000199
:61:210127CP12300,00NCOL3112548796//202
AH201000 RECAUDO NACIONAL
:86:/IDCODE/1012419890/COLLEC/05/INFO/0000000202
:61:210127DP2280,00NTAX3112548796//202
AH402222 IVA SOBRE COMISION SERVIC
:86:/IDCODE/1012419890/COLLEC/05/INFO/0000000202
:61:210127DP12000,00NCOM3112548796//202
AH402226 N.D. COMISION RECAUDO NAL
:86:/IDCODE/1012419890/COLLEC/05/INFO/0000000202
:61:210127DP57,12NGMF3112548796//202
AH402300 N.D. GMF AUTOMATICO
:86:/IDCODE/1012419890/COLLEC/05/INFO/0000000202
:61:210127CP1200000,36NCOL314568923//207
AH201000 RECAUDO NACIONAL
:86:/IDCODE/80115425/COLLEC/06/INFO/0000000207
:61:210127DP2280,00NTAX314568923//207
AH402222 IVA SOBRE COMISION SERVIC
:86:/IDCODE/80115425/COLLEC/06/INFO/0000000207
:61:210127DP12000,00NCOM314568923//207
AH402226 N.D. COMISION RECAUDO NAL
:86:/IDCODE/80115425/COLLEC/06/INFO/0000000207
:61:210127DP57,12NGMF314568923//207
AH402300 N.D. GMF AUTOMATICO
:86:/IDCODE/80115425/COLLEC/06/INFO/0000000207
:62M:C210127COP1806562707,63
-}
{1:F01BPOPCOBBAXXX0000000000}{2:I940ECOPCOBBXXXXN}{3:{108:8999990681}}{4:
:20:20210922182759
:25:220009141466
:28C:6/3
:60M:C210127COP1806562707,63
:61:210127CP36700,00NCOL3135069874//210
AH201000 RECAUDO NACIONAL
:86:/IDCODE/80112547/COLLEC/07/INFO/0000000210
:61:210127DP2280,00NTAX3135069874//210
AH402222 IVA SOBRE COMISION SERVIC
:86:/IDCODE/80112547/COLLEC/07/INFO/0000000210
:61:210127DP12000,00NCOM3135069874//210
AH402226 N.D. COMISION RECAUDO NAL
:86:/IDCODE/80112547/COLLEC/07/INFO/0000000210
:61:210127DP57,12NGMF3135069874//210
AH402300 N.D. GMF AUTOMATICO
:86:/IDCODE/80112547/COLLEC/07/INFO/0000000210
:61:210127CP332600,00NCOL3506892312//213
AH201000 RECAUDO NACIONAL
:86:/IDCODE/452525/COLLEC/08/INFO/0000000213
:61:210127DP2280,00NTAX3506892312//213
AH402222 IVA SOBRE COMISION SERVIC
:86:/IDCODE/452525/COLLEC/08/INFO/0000000213
:61:210127DP12000,00NCOM3506892312//213
AH402226 N.D. COMISION RECAUDO NAL
:86:/IDCODE/452525/COLLEC/08/INFO/0000000213
:61:210127DP57,12NGMF3506892312//213
AH402300 N.D. GMF AUTOMATICO
:86:/IDCODE/452525/COLLEC/08/INFO/0000000213
:61:210127CP98500,00NCOL3216598745//216
AH201000 RECAUDO NACIONAL
:86:/IDCODE/10243569/COLLEC/09/INFO/0000000216
:61:210127DP2280,00NTAX3216598745//216
AH402222 IVA SOBRE COMISION SERVIC
:86:/IDCODE/10243569/COLLEC/09/INFO/0000000216
:61:210127DP12000,00NCOM3216598745//216
AH402226 N.D. COMISION RECAUDO NAL
:86:/IDCODE/10243569/COLLEC/09/INFO/0000000216
:61:210127DP57,12NGMF3216598745//216
AH402300 N.D. GMF AUTOMATICO
:86:/IDCODE/10243569/COLLEC/09/INFO/0000000216
:62M:C210127COP1806987496,27
-}
{1:F01BPOPCOBBAXXX0000000000}{2:I940ECOPCOBBXXXXN}{3:{108:8999990681}}{4:
:20:20210922182759
:25:220009141466
:28C:6/4
:60M:C210127COP1806987496,27
:61:210127CP22100,22NCOL312568796//219
AH201000 RECAUDO NACIONAL
:86:/IDCODE/3569548/COLLEC/10/INFO/0000000219
:61:210127DP2280,00NTAX312568796//219
AH402222 IVA SOBRE COMISION SERVIC
:86:/IDCODE/3569548/COLLEC/10/INFO/0000000219
:61:210127DP12000,00NCOM312568796//219
AH402226 N.D. COMISION RECAUDO NAL
:86:/IDCODE/3569548/COLLEC/10/INFO/0000000219
:61:210127DP57,12NGMF312568796//219
AH402300 N.D. GMF AUTOMATICO
:86:/IDCODE/3569548/COLLEC/10/INFO/0000000219
:61:210127CP57200,00NCOL3502148754//222
AH201000 RECAUDO NACIONAL
:86:/IDCODE/1245225/COLLEC/11/INFO/0000000222
:61:210127DP2280,00NTAX3502148754//222
AH402222 IVA SOBRE COMISION SERVIC
:86:/IDCODE/1245225/COLLEC/11/INFO/0000000222
:61:210127DP12000,00NCOM3502148754//222
AH402226 N.D. COMISION RECAUDO NAL
:86:/IDCODE/1245225/COLLEC/11/INFO/0000000222
:61:210127DP57,12NGMF3502148754//222
AH402300 N.D. GMF AUTOMATICO
:86:/IDCODE/1245225/COLLEC/11/INFO/0000000222
:61:210127CP35980,00NCOL3124578256//225
AH201000 RECAUDO NACIONAL
:86:/IDCODE/5949785/COLLEC/12/INFO/0000000225
:61:210127DP2280,00NTAX3124578256//225
AH402222 IVA SOBRE COMISION SERVIC
:86:/IDCODE/5949785/COLLEC/12/INFO/0000000225
:61:210127DP12000,00NCOM3124578256//225
AH402226 N.D. COMISION RECAUDO NAL
:86:/IDCODE/5949785/COLLEC/12/INFO/0000000225
:61:210127DP57,12NGMF3124578256//225
AH402300 N.D. GMF AUTOMATICO
:86:/IDCODE/5949785/COLLEC/12/INFO/0000000225
:62M:C210127COP1807059765,13
-}
{1:F01BPOPCOBBAXXX0000000000}{2:I940ECOPCOBBXXXXN}{3:{108:8999990681}}{4:
:20:20210922182759
:25:220009141466
:28C:6/5
:60M:C210127COP1807059765,13
:61:210127CP2310000,00NCOL3215478532//228
AH201000 RECAUDO NACIONAL
:86:/IDCODE/4582256/COLLEC/13/INFO/0000000228
:61:210127DP2280,00NTAX3215478532//228
AH402222 IVA SOBRE COMISION SERVIC
:86:/IDCODE/4582256/COLLEC/13/INFO/0000000228
:61:210127DP12000,00NCOM3215478532//228
AH402226 N.D. COMISION RECAUDO NAL
:86:/IDCODE/4582256/COLLEC/13/INFO/0000000228
:61:210127DP57,12NGMF3215478532//228
AH402300 N.D. GMF AUTOMATICO
:86:/IDCODE/4582256/COLLEC/13/INFO/0000000228
:61:210127CP752000,00NCOL3206543212//231
AH201000 RECAUDO NACIONAL
:86:/IDCODE/80452125/COLLEC/14/INFO/0000000231
:61:210127DP2280,00NTAX3206543212//231
AH402222 IVA SOBRE COMISION SERVIC
:86:/IDCODE/80452125/COLLEC/14/INFO/0000000231
:61:210127DP12000,00NCOM3206543212//231
AH402226 N.D. COMISION RECAUDO NAL
:86:/IDCODE/80452125/COLLEC/14/INFO/0000000231
:61:210127DP57,12NGMF3206543212//231
AH402300 N.D. GMF AUTOMATICO
:86:/IDCODE/80452125/COLLEC/14/INFO/0000000231
:61:210127CP46810,00NCOL3214521220//234
AH201000 RECAUDO NACIONAL
:86:/IDCODE/80452132/COLLEC/15/INFO/0000000234
:61:210127DP2280,00NTAX3214521220//234
AH402222 IVA SOBRE COMISION SERVIC
:86:/IDCODE/80452132/COLLEC/15/INFO/0000000234
:61:210127DP12000,00NCOM3214521220//234
AH402226 N.D. COMISION RECAUDO NAL
:86:/IDCODE/80452132/COLLEC/15/INFO/0000000234
:61:210127DP57,12NGMF3214521220//234
AH402300 N.D. GMF AUTOMATICO
:86:/IDCODE/80452132/COLLEC/15/INFO/0000000234
:62M:C210127COP1810125563,77
-}
{1:F01BPOPCOBBAXXX0000000000}{2:I940ECOPCOBBXXXXN}{3:{108:8999990681}}{4:
:20:20210922182759
:25:220009141466
:28C:6/6
:60M:C210127COP1810125563,77
:61:210127CP90001,00NCOL3152001233//237
AH201000 RECAUDO NACIONAL
:86:/IDCODE/8045122/COLLEC/16/INFO/0000000237
:61:210127DP2280,00NTAX3152001233//237
AH402222 IVA SOBRE COMISION SERVIC
:86:/IDCODE/8045122/COLLEC/16/INFO/0000000237
:61:210127DP12000,00NCOM3152001233//237
AH402226 N.D. COMISION RECAUDO NAL
:86:/IDCODE/8045122/COLLEC/16/INFO/0000000237
:61:210127DP57,12NGMF3152001233//237
AH402300 N.D. GMF AUTOMATICO
:86:/IDCODE/8045122/COLLEC/16/INFO/0000000237
:61:210127CP1300,00NCOL3156237112//240
AH201000 RECAUDO NACIONAL
:86:/IDCODE/40651220/COLLEC/17/INFO/0000000240
:61:210127DP2280,00NTAX3156237112//240
AH402222 IVA SOBRE COMISION SERVIC
:86:/IDCODE/40651220/COLLEC/17/INFO/0000000240
:61:210127DP12000,00NCOM3156237112//240
AH402226 N.D. COMISION RECAUDO NAL
:86:/IDCODE/40651220/COLLEC/17/INFO/0000000240
:61:210127DP57,12NGMF3156237112//240
AH402300 N.D. GMF AUTOMATICO
:86:/IDCODE/40651220/COLLEC/17/INFO/0000000240
:61:210127CP45800,00NCOL3185420//243
AH201000 RECAUDO NACIONAL
:86:/IDCODE/10102457852/COLLEC/18/INFO/0000000243
:61:210127DP2280,00NTAX3185420//243
AH402222 IVA SOBRE COMISION SERVIC
:86:/IDCODE/10102457852/COLLEC/18/INFO/0000000243
:61:210127DP12000,00NCOM3185420//243
AH402226 N.D. COMISION RECAUDO NAL
:86:/IDCODE/10102457852/COLLEC/18/INFO/0000000243
:61:210127DP57,12NGMF3185420//243
AH402300 N.D. GMF AUTOMATICO
:86:/IDCODE/10102457852/COLLEC/18/INFO/0000000243
:62M:C210127COP1810219653,41
-}
{1:F01BPOPCOBBAXXX0000000000}{2:I940ECOPCOBBXXXXN}{3:{108:8999990681}}{4:
:20:20210922182759
:25:220009141466
:28C:6/7
:60M:C210127COP1810219653,41
:61:210127CP12500,00NCOL321485654//246
AH201000 RECAUDO NACIONAL
:86:/IDCODE/80113975/COLLEC/19/INFO/0000000246
:61:210127DP2280,00NTAX321485654//246
AH402222 IVA SOBRE COMISION SERVIC
:86:/IDCODE/80113975/COLLEC/19/INFO/0000000246
:61:210127DP12000,00NCOM321485654//246
AH402226 N.D. COMISION RECAUDO NAL
:86:/IDCODE/80113975/COLLEC/19/INFO/0000000246
:61:210127DP57,12NGMF321485654//246
AH402300 N.D. GMF AUTOMATICO
:86:/IDCODE/80113975/COLLEC/19/INFO/0000000246
:62F:C210127COP1810217816,29
:64:C210128COP1806514755,99
:65:C210128COP1810217816,29
-}