{1:F01BPOPCOBBAXXX0000000000}{2:I940ECOPCOBBXXXXN}{3:{108:8999990681}}{4:
:20:20210922182759
:25:220009141466
:28C:6/2
:60M: 210127COP1805068418,63
:61:210127CP325000,00NCOL3205068974//199
AH201000 RECAUDO NACIONAL
:86:/IDCODE/3254256/COLLEC/04/INFO/0000000199
:61:210127DP2280,00NTAX3205068974//199
AH402222 IVA SOBRE COMISION SERVIC
:86:/IDCODE/3254256/COLLEC/04/INFO/0000000199
:61:210127DP12000,00NCOM3205068974//199
AH402226 N.D. COMISION RECAUDO NAL
:86:/IDCODE/3254256/COLLEC/04/INFO/0000000199
:61:210127DP57,12NGMF3205068974//199
AH402300 N.D. GMF AUTOMATICO
:86:/IDCODE/3254256/COLLEC/04/INFO/0000000199
:61:210127CP12300,00NCOL3112548796//202
AH201000 RECAUDO NACIONAL
:86:/IDCODE/1012419890/COLLEC/05/INFO/0000000202
:61:210127DP2280,00NTAX3112548796//202
AH402222 IVA SOBRE COMISION SERVIC
:86:/IDCODE/1012419890/COLLEC/05/INFO/0000000202
:61:210127DP12000,00NCOM3112548796//202
AH402226 N.D. COMISION RECAUDO NAL
:86:/IDCODE/1012419890/COLLEC/05/INFO/0000000202
:61:210127DP57,12NGMF3112548796//202
AH402300 N.D. GMF AUTOMATICO
:86:/IDCODE/1012419890/COLLEC/05/INFO/0000000202
:61:210127CP1200000,36NCOL314568923//207
AH201000 RECAUDO NACIONAL
:86:/IDCODE/80115425/COLLEC/06/INFO/0000000207
:61:210127DP2280,00NTAX314568923//207
AH402222 IVA SOBRE COMISION SERVIC
:86:/IDCODE/80115425/COLLEC/06/INFO/0000000207
:61:210127DP12000,00NCOM314568923//207
AH402226 N.D. COMISION RECAUDO NAL
:86:/IDCODE/80115425/COLLEC/06/INFO/0000000207
:61:210127DP57,12NGMF314568923//207
AH402300 N.D. GMF AUTOMATICO
:86:/IDCODE/80115425/COLLEC/06/INFO/0000000207
:62M:C210127COP1806562707,63
-}