{1:F01BPOPCOBBAXXX0000000000}{2:I940ECOPCOBBXXXXN}{3:{108:8999990681}}{4:
:20:20210922182759
:25:220009141460
:28C:6/1
:60F:F210127COP1804602729,98
:61:210127CP26200,00NCOL3124835460//190
AH201000 RECAUDO NACIONAL
:86:/IDCODE/527328512345/COLLEC/01/INFO/0000000190
:61:210127DP2280,00NTAX3124835460//190
AH402222 IVA SOBRE COMISION SERVIC
:86:/IDCODE/5273285/COLLEC/01/INFO/0000000190
:61:210127DP12000,00NCOM3124835460//190
AH402226 N.D. COMISION RECAUDO NAL
:86:/IDCODE/5273285/COLLEC/21/INFO/0000000190
:61:210127DP57,12NGMF3124835460//190
AH402300 N.D. GMF AUTOMATICO
:86:/IDCODE/5273285/COLLEC/20/INFO/0000000190
:61:210127CP32500,01NTRFACTIVOS//193
AC402700 CARGOS POR A.C.H.
:86:/IDCODE/80113970/REJECT/R17/INFO/0000000193
:61:210127DP2280,00NTAX3134039503//193
AH402222 IVA SOBRE COMISION SERVIC
:86:/IDCODE/80113970/COLLEC/23/INFO/0000000193
:61:210127DP12000,00NCOM3134039503//193
AH402226 N.D. COMISION RECAUDO NAL
:86:/IDCODE/80113970/COLLEC/24/INFO/0000000193
:61:210127DP57,12NGMF3134039503//193
AH402300 N.D. GMF AUTOMATICO
:86:/IDCODE/80113970/COLLEC/02/INFO/0000000193
:61:210127CP450000,00NCOL3132056585//196
AH201000 RECAUDO NACIONAL
:86:/IDCODE/7985642/COLLEC/03/INFO/0000000196
:61:210127DP2280,00NTAX3132056585//196
AH402222 IVA SOBRE COMISION SERVIC
:86:/IDCODE/7985642/COLLEC/03/INFO/0000000196
:61:210127DP12000,00NCOM3132056585//196
AH402226 N.D. COMISION RECAUDO NAL
:86:/IDCODE/7985642/COLLEC/03/INFO/0000000196
:61:210127DP57,12NGMF3132056585//196
AH402300 N.D. GMF AUTOMATICO
:86:/IDCODE/7985642/COLLEC/03/INFO/0000000196
:62F:C210127COP1805068418,63
-}$
{1:F01BPOPCOBBAXXX0000000000}{2:I940ECOPCOBBXXXXN}{3:{108:8999990681}}{4:
:20:20210922182759
:25:220009141461
:28C:6/1
:60F:C210127COP1805068418,63
:61:210127CP325000,00NCOL3205068974//199
AH201000 RECAUDO NACIONAL
:86:/IDCODE/3254256/COLLEC/04/INFO/0000000199
:61:210127DP2280,00NTAX3205068974//199
AH402222 IVA SOBRE COMISION SERVIC
:86:/IDCODE/3254256/COLLEC/04/INFO/0000000199
:61:210127DP12000,00NCOM3205068974//199
AH402226 N.D. COMISION RECAUDO NAL
:86:/IDCODE/3254256/COLLEC/04/INFO/0000000199
:61:210127DP57,12NGMF3205068974//199
AH402300 N.D. GMF AUTOMATICO
:86:/IDCODE/3254256/COLLEC/04/INFO/0000000199
:61:210127CP12300,00NCOL3112548796//202
AH201000 RECAUDO NACIONAL
:86:/IDCODE/1012419890/COLLEC/05/INFO/0000000202
:61:210127DP2280,00NTAX3112548796//202
AH402222 IVA SOBRE COMISION SERVIC
:86:/IDCODE/1012419890/COLLEC/05/INFO/0000000202
:61:210127DP12000,00NCOM3112548796//202
AH402226 N.D. COMISION RECAUDO NAL
:86:/IDCODE/1012419890/COLLEC/05/INFO/0000000202
:61:210127DP57,12NGMF3112548796//202
AH402300 N.D. GMF AUTOMATICO
:86:/IDCODE/1012419890/COLLEC/05/INFO/0000000202
:61:210127CP1200000,36NCOL314568923//207
AH201000 RECAUDO NACIONAL
:86:/IDCODE/80115425/COLLEC/06/INFO/0000000207
:61:210127DP2280,00NTAX314568923//207
AH402222 IVA SOBRE COMISION SERVIC
:86:/IDCODE/80115425/COLLEC/06/INFO/0000000207
:61:210127DP12000,00NCOM314568923//207
AH402226 N.D. COMISION RECAUDO NAL
:86:/IDCODE/80115425/COLLEC/06/INFO/0000000207
:61:210127DP57,12NGMF314568923//207
AH402300 N.D. GMF AUTOMATICO
:86:/IDCODE/80115425/COLLEC/06/INFO/0000000207
:62F:C210127COP1806562707,63
-}$